@misc{Senseis,
title={Sensei's Library},
url={https://senseis.xmp.net/},
journal={Sensei's Library},
author={Sensei's Library}
}

@inproceedings{Zobrist1969,
title={A model of visual organization for the game of GO},
author={Albert L. Zobrist},
booktitle={AFIPS Spring Joint Computing Conference},
year={1969}
}

@article{Bouzy2003,
  title={Mathematical Morphology Applied to Computer Go},
  author={Bruno Bouzy},
  journal={IJPRAI},
  year={2003},
  volume={17},
  pages={257-268}
}

@misc{GoRanks,
title={Go Ranks},
url={http://www.mechner.com/david/go/kyu.html},
journal={mechner.com},
author={Mechner, David}
}


@misc{GoProblems,
title={Go Problems},
url={http://www.goproblems.com/},
journal={Go Problems},
author={Adum}
} Website containing a great collection of Go problems. Many problems used in this project is from this website.




@misc{LWJGL,
title={Lightweight Java Game Library},
url={https://www.lwjgl.org/},
journal={LWJGL}
}

@misc{SLICK2D,
title={Slick2D},
url={http://slick.ninjacave.com/},
journal={Slick2D}
}


@article{Adrian2010,
author = {Adrian B. Danieli},
year = {2010},
month = {01},
pages = {},
title = {A Tsume-Go life \& death problem solver}
}


@article{Chen1999,
title={Static Analysis of Life and Death in the Game of Go},
author={Ken Chen and Zhixing Chen},
journal={Inf. Sci.},
year={1999},
volume={121},
pages={113-134}
}

@article{Muller1998,
author = {Eth Zurich, Informatik and M{\"u}ller, Martin},
year = {1998},
month = {04},
pages = {},
title = {Playing it Safe: Recognizing Secure Territories in. . .}
}


@article{Benson1976,
  title={Life in the game of Go},
  author={David B. Benson},
  journal={Inf. Sci.},
  year={1976},
  volume={10},
  pages={17-29}
}


@article{AlphaGo,
  title={Mastering the game of Go with deep neural networks and tree search},
  author={David Silver and Aja Huang and Chris J. Maddison and Arthur Guez and Laurent Sifre and George van den Driessche and Julian Schrittwieser and Ioannis Antonoglou and Vedavyas Panneershelvam and Marc Lanctot and Sander Dieleman and Dominik Grewe and John Nham and Nal Kalchbrenner and Ilya Sutskever and Timothy P. Lillicrap and Madeleine Leach and Koray Kavukcuoglu and Thore Graepel and Demis Hassabis},
  journal={Nature},
  year={2016},
  volume={529},
  pages={484-489}
}


@article{Korf1985,
  title={Depth-First Iterative-Deepening: An Optimal Admissible Tree Search},
  author={Richard E. Korf},
  journal={Artif. Intell.},
  year={1985},
  volume={27},
  pages={97-109}
}



@article{Huberman1968,
author = {Jane. Huberman, Barbara},
year = {1968},
month = {08},
pages = {},
title = {A program to play chess end games}
}




@inproceedings{Akl1977,
  title={The principal continuation and the killer heuristic},
  author={Selim G. Akl and Monty Newborn},
  booktitle={ACM Annual Conference},
  year={1977}
}

@inproceedings{Kranenburg2001,
  title={AI techniques for the game of Go},
  author={Hans Van Kranenburg and Wiel Kusters},
  year={2001}
}

@book{Davies1975,
series={Elementary Go Series},
title={Life and Death},
volume={4},
publisher={ Ishi Press International },
author={Davies, James},
year={1975},
collection={Elementary Go Series}
}

@book{Cho1993,
title={All About Life \& Death},
publisher={Ishi Press International },
author={Chikun, Cho},
year={1993}}


@inproceedings{Muller2002,
title={Counting the Score : Position Evaluation in Computer Go},
author={Martin M{\"u}ller},
year={2002}
}


@misc{NihonKiinRules ,
title={The Japanese Rules of Go},
url={http://www.cs.cmu.edu/~wjh/go/rules/Japanese.html},
journal={Article 1. The game of go},
author={Nihon Kiin }, editor={ James , DaviesTranslator}}
